@misc{wiki:dog,
    author = "{Wikipedia contributors}",
    title = "Dog --- {Wikipedia}{,} The Free Encyclopedia",
    year = "2023",
    howpublished = "\url{https://en.wikipedia.org/w/index.php?title=Dog&oldid=1157296973}",
    note = "[Online; accessed 29-May-2023]"
}

@misc{references:source,
	title = {{SourceForge}},
	year = {2023},
	month = may,
	note = {[Online; accessed 29. May 2023]},
	url = {https://sourceforge.net/projects/la-strings/files/Language-Data}
}